
@article{
dellaert1999,
author      = "F.Dellaert and  others",
title       = "Monte Carlo Localization for Mobile Robots",
journal     = "IEEE ICRA",
pages       = "1332-1328",
year        = "1999",
}

@article{
fox1999,
author      = "D.Fox and others",
title       = "Monte Carlo Localization: Efficient Position Estimation for Mobile Robots",
journal     = "AAAI",
pages       = "343-349",
year        = "1999",
}

@article{
ohno2012,
author      = "K.ohno and ohters",
title       = "Differential GPS and odometry-based outdoor navigation of a mobile robot",
journal     = "Advanced Robotics",
volume      = "18",
number      = "6",
pages       = "611-635",
year        = "2012",
}

@article{
imai2017,
author      = "今井 and others",
title       = "つくばチャレンジ2017に向けた筑波大学知能ロボット研究室チームMASARUの取り組み",
journal     = "SICE SI",
pages       = "1163--1188",
year        = "2017",
}

@article{
takubo2017,
author      = "田窪 and others",
title       = "つくばチャレンジ2017における大阪市立大学の取り組み",
journal     = "SICE SI",
pages       = "1192--1195",
year        = "2017",
}

@book{
thrun2005,
author      = "S.Thrun and others",
title       = "Probabilistic ROBOTICS" ,
publisher   = "MIT Press",
year        = "2005",
}

@article{
sr,
author      = "S.Lenser and others",
title       = "Sensor Resetting Localization for Poorly Modelled Robots",
journal     = "IEEE ICRA",
pages       = "1225--1232",
year        = "2000",
}

@article{
hsr,
author      = "J.-S.Gutmann and others",
title       = "An Experimental Comparison of Localization Methods Continued",
journal     = "IEEE RSJ",
pages       = "454--459",
year        = "2002",
}


@article{
er,
author      = "上田 and others",
title       = "パーティクルフィルタを利用した自己位置推定に生じる致命的な推定誤りからの回復法",
journal     = "日本ロボット学会誌",
volume      = "23",
numbers     = "4",
pages       = "84--91",
year        = "2005",
}

@article{
natsusako2017,
author      = "夏迫 and others",
title       = "つくばチャレンジ2017における千葉工業大学ロボット設計制御研究室の取り組み",
journal     = "SICE SI",
pages       = "1178--1179",
year        = "2017",
}

@article{
hentchel2008,
author      = "M.Hentschel and others",
title       = "A GPS and Laser-based Localization for Urban and Non-Urban Outdoor Environments",
journal     = "IEEE/RSJ IROS",
pages       = "149--154",
year        = "2008",
}

@article{
hsu2016,
author      = "M.Hentschel and others",
title       = "3D building model-based pedestrianpositioning method using GPS/GLONASS/QZSS and its reliability calculation",
journal     = "GPS Solutions",
volume      = "20",
pages       = "184--190",
year        = "2016",
}
